@misc{lit:INET1,
	Author = {{The Apache Software Foundation}},
	Lastchecked = {24. Mai 2016 um 20:07},
	Title = {Spark Overview},
	Url = {https://spark.apache.org/docs/latest/index.html}}
	
@misc{lit:INET2,
	Author = {{The Apache Software Foundation}},
	Lastchecked = {24. Mai 2016 um 20:09},
	Title = {Machine Learning Library (MLlib) Guide},
	Url = {http://spark.apache.org/docs/latest/mllib-guide.html}}
	
@misc{lit:INET3,
	Author = {{The Bootstrap Core Team}},
	Lastchecked = {24. Mai 2016 um 20:12},
	Title = {Bootstrap},
	Url = {http://getbootstrap.com}}
	
@misc{lit:INET4,
	Author = {{GroupLens}},
	Lastchecked = {24. Mai 2016 um 20:15},
	Title = {MovieLens},
	Url = {http://grouplens.org/datasets/movielens/}}
	
@misc{lit:INET5,
	Author = {{The Bootstrap Core Team}},
	Lastchecked = {24. Mai 2016 um 20:19},
	Title = {Carousel Template for Bootstrap},
	Url = {http://getbootstrap.com/examples/carousel/}}

@misc{lit:INET6,
	Author = {{Oracle Corporation}},
	Lastchecked = {19. Juli 2016 um 11:40},
	Title = {Jersey - RESTful Web Services in Java.},
	Url = {http://getbootstrap.com/examples/carousel/}}
	